@ARTICLE{dechow2011predicting,
  title={Predicting material accounting misstatements},
  author={Dechow, Patricia M and Ge, Weili and Larson, Chad R and Sloan, Richard G},
  journal={Contemporary accounting research},
  volume={28},
  number={1},
  pages={17--82},
  year={2011},
  publisher={Wiley Online Library}
}
